@unpublished{jklazik,
    author = {Jakub Kopeć},
    title = {Projekt i budowa modułu operatora dla łazika planetarnego} ,
    note = {Praca inż. w trakcie pisania}
}


@article{juang2005automatic,
    title={Automatic speech recognition--a brief history of the technology development},
    author={B.H. Juang, Lawrence R. Rabiner},
    year = {2004}
}

@misc{mostspoken,
    title = {What is the most spoken language?},
    howpublished = {\url{https://www.ethnologue.com/insights/most-spoken-language/}},
    note = {"Dostęp do źródła: 04-01-2024"}
}


@misc{speechrec,
    title = {Speech Recognition},
    howpublished = {\url{https://pypi.org/project/SpeechRecognition/}},
    note = {"Dostęp do źródła: 01-11-2023"}
}

@misc{webspeech,
    title = {Web Speech API},
    howpublished = {\url{https://wicg.github.io/speech-api/}},
    note = {"Dostęp do źródła: 01-11-2023"}
}

@misc{hf,
    title = {Huggingface Transformers},
    howpublished = {\url{https://github.com/huggingface/transformers}},
    note = {"Dostęp do źródła: 01-11-2023"}
}

@article{bvski,
    title={wav2vec 2.0: A Framework for Self-Supervised Learning of Speech Representations},
    author={Alexei Baevski i in.},
    year = {2020}
}

@article{radfort,
    title = {Robust Speech Recognition via Large-Scale Weak Supervision}, 
    author = {Alec Radford i in.},
    year = {2022}
}


@misc{libri,
    title = {LibriSpeech ASR},
    howpublished = {\url{https://www.openslr.org/12/}},
    note = {"Dostęp do źródła: 04-01-2024"}
}

@misc{dataset-eval,
    title = {edinburghcstr/ami},
    howpublished = {\url{https://huggingface.co/datasets/edinburghcstr/ami}},
    note = {"Dostęp do źródła: 04-01-2024"}
}

@misc{jiwer,
    title = {JiWER},
    howpublished = {\url{https://pypi.org/project/jiwer/}},
    note = {"Dostęp do źródła: 05-01-2024"}
}

@misc{gazebo,
    title = {Gazebo},
    howpublished = {\url{https://gazebosim.org/home}},
    note = {"Dostęp do źródła: 15-10-2023"}
}

@misc{ros,
    title = {Robot Operating System},
    howpublished = {\url{https://www.ros.org/}},
    note = {"Dostęp do źródła: 15-10-2023"}
}

@misc{noetic,
    title = {ROS Noetic Ninjemys},
    howpublished = {\url{http://wiki.ros.org/noetic}},
    note = {"Dostęp do źródła: 15-10-2023"}
}

@misc{turtlebot,
    title = {TurtleBot3},
    howpublished = {\url{https://emanual.robotis.com/docs/en/platform/turtlebot3/overview}},
    note = {"Dostęp do źródła: 01-11-2023"}
}

@misc{logo,
    title = {Logo Foundation},
    howpublished = {\url{https://el.media.mit.edu/logo-foundation/index.html}},
    note = {"Dostęp do źródła: 04-01-2024"}
}

@misc{rqt,
    title = {rqt - ROS Wiki},
    howpublished = {\url{http://wiki.ros.org/rqt}},
    note = {"Dostęp do źródła: 15-10-2023"}
}

@misc{ctk,
    title = {CustomTkinter},
    howpublished = {\url{https://customtkinter.tomschimansky.com/}},
    note = {"Dostęp do źródła: 04-01-2024"}
}

@misc{conv,
    title = {Realistic Text-to-Speech AI converter},
    howpublished = {\url{https://speechgen.io/}},
    note = {"Dostęp do źródła: 10-01-2024"}
}